@book{hboa,
  title={Hierarchical Bayesian optimization algorithm},
  author={Pelikan, Martin},
  year={2005},
  publisher={Springer}
}
@book{pelikan2006scalable,
  title={Scalable optimization via probabilistic modeling},
  author={Pelikan, Martin and Sastry, Kumara and Cant{\'u}-Paz, Erick},
  year={2006},
  publisher={Springer}
}
@article{fernando2010neuronal,
  title={The neuronal replicator hypothesis},
  author={Fernando, Chrisantha and Goldstein, Richard and Szathm{\'a}ry, E{\"o}rs},
  journal={Neural Computation},
  volume={22},
  number={11},
  pages={2809--2857},
  year={2010},
  publisher={MIT Press 238 Main St., Suite 500, Cambridge, MA 02142-1046, USA email: journals-info@ mit. edu}
}
